@InProceedings{Okazaki:Coling2010,
  author    = {Okazaki, Naoaki  and  Tsujii, Jun'ichi},
  title     = {Simple and Efficient Algorithm for Approximate Dictionary Matching},
  booktitle = {Proceedings of the 23rd International Conference on Computational Linguistics (Coling 2010)},
  month     = {August},
  year      = {2010},
  address   = {Beijing, China},
  pages     = {851--859},
  url       = {http://www.aclweb.org/anthology/C10-1096}
}